%% This BibTeX bibliography file was created using BibDesk.
%% http://bibdesk.sourceforge.net/

%% Created for 朱雪林 at 2016-03-03 16:08:08 +0800 


%% Saved with string encoding Unicode (UTF-8) 


@inproceedings{1,
  title={Text categorization with support vector machines: Learning with many relevant features},
  author={Joachims, Thorsten},
  booktitle={Proceedings of the 10th European Conference on Machine Leaning(ECML)},
  year={1998},
  publisher={Chemnitz,Germany},
  pages={137--142},
}

@inproceedings{2,
  title={Maximum margin clustering},
  author={Xu, Linli and Neufeld, James and Larson, Bryce and Schuurmans, Dale},
  booktitle={Advances in neural information processing systems},
  pages={1537--1544},
  year={2004}
}

@inproceedings{3,
  title={Multiple Kernel Clustering.},
  author={Zhao, Bin and Kwok, James T and Zhang, Changshui},
  booktitle={SDM},
  pages={638--649},
  year={2009},
  organization={SIAM}
}

@book{4,
  title={The nature of statistical learning theory},
  author={Vapnik, Vladimir},
  year={2013},
  publisher={Springer Science \& Business Media}
}

@article{5,
  Author = {Bousquet, Olivier and Herrmann, Daniel J. L.},
  Date-Added = {2016-01-10 14:37:17 +0000},
  Date-Modified = {2016-03-03 06:46:43 +0000},
  Journal = {Advances in Neural Information Processing Systems},
  Pages = {399-406},
  Title = {On the Complexity of Learning the Kernel Matrix.},
  Year = {2002}
}

  @article{6,
  Author = {Lanckriet, G. R. and De, Bie T and Cristianini, N and Jordan, M. I. and Noble, W. S.},
  Journal = {Bioinformatics},
  Number = {16},
  Pages = {2626-2635(10)},
  Title = {A statistical framework for genomic data fusion.},
  Volume = {20},
  Year = {2004}
}

  @article{7,
  Author = {Lanckriet, Gert R. G. and Cristianini, Nello and Bartlett, Peter and El Ghaoui, Laurent and Jordan, Michael I.},
  Journal = {Journal of Machine Learning Research},
  Number = {1},
  Pages = {323-330},
  Title = {Learning the Kernel Matrix with Semi-Definite Programming.},
  Volume = {5},
  Year = {2002}
}

@article{8,
  Author = {Nesterov, I︠U︡. E. and Nemirovski{\u \i}, Arkadi{\u \i} Semenovich},
  Journal = {SIAM Studies in Applied Mathematics, 13. Society for Industrial and Applied Mathematics (SIAM},
  Title = {Interior Point Polynomial Algorithms in Convex Programming, SAM},
  Volume = {13},
  Year = {1994}
}

@article{9,
  Author = {William M. Rand},
  Journal = {Journal of the American Statistical Association},
  Number = {336},
  Pages = {846-850},
  Title = {Objective Criteria for the Evaluation of Clustering Methods},
  Volume = {66},
  Year = {1971}
}

@article{10,
  Author = {Tsang, I. W. and Kwok, T. Y.},
  Journal = {IEEE Transactions on Neural Networks},
  Number = {1},
  Pages = {48-58},
  Title = {Efficient hyperkernel learning using second-order cone programming.},
  Volume = {17},
  Year = {2006}
}

@article{11,
  Author = {Sch{\"o}lkopf, B. and Platt, J. and Hofmann, T.},
  Journal = {Advances in Neural Information Processing Systems},
  Number = {5},
  Pages = {1417 - 1424},
  Title = {Generalized Maximum Margin Clustering and Unsupervised Kernel Learning},
  Volume = {21},
  Year = {2007}
}

@article{12,
  Author = {Zhang, Kai and Tsang, I. W. and Kwok, J. T.},
  Journal = {Proceedings of the 24th international conference on Machine learning},
  Pages = {583-596},
  Title = {Maximum margin clustering made practical},
  Year = {2007}
}

@article{13,
  Author = {Zien, Alexander and Ong, Cheng Soon},
  Journal = {Icml Acm},
  Number = {2006},
  Pages = {2007},
  Title = {Multiclass multiple kernel learning.},
  Volume = {7},
  Year = {2007}
}

@article{14,
  Author = {Bach, Francis R. and Lanckriet, Gert R. G. and Jordan, Michael I.},
  Date-Added = {2016-01-10 14:39:38 +0000},
  Date-Modified = {2016-03-03 06:44:22 +0000},
  Journal = {Twenty-first International Conference on Machine Learning},
  Title = {Multiple Kernel Learning, Conic Duality, and the SMO Algorithm},
  Year = {2004}
}

@article{15,
  Author = {Zhao, Bin and Wang, Fei and Zhang, Changshui},
  Journal = {International Conference on Machine Learning},
  Pages = {1248-1255},
  Title = {Efficient multiclass maximum margin clustering},
  Year = {2008}
}

@article{16,
  Author = {Boyd and Vandenberghe and Faybusovich},
  Journal = {IEEE Transactions on Automatic Control},
  Number = {11},
  Pages = {1859-1859},
  Title = {Convex Optimization},
  Volume = {51},
  Year = {2006}
}

@article{17,
  Author = {Chapelle, Olivier and Zien, Alexander},
  Journal = {2004-09},
  Number = {2005},
  Title = {Semi-Supervised Classification by Low Density Separation},
  Year = {2005}
}

@article{18,
  Author = {Rakotomamonjy, Alain and Bach, Francis and Canu, St{\'e}phane and Grandvalet, Yves},
  Journal = {Icml},
  Number = {2006},
  Pages = {775--782},
  Title = {More Efficiency in Multiple Kernel Learning},
  Volume = {7},
  Year = {2007}
}

@article{19,
  Author = {J. E. Kelley.},
  Date-Added = {2016-03-03 07:04:55 +0000},
  Date-Modified = {2016-03-03 07:07:09 +0000},
  Journal = {the Society for Industrial and Applied Mathematics,8:703-712},
  Title = {The Cutting-Plane Method for Solving Convex Programs},
  Year = {1960}
}

@article{20,
  Author = {Boyd and Vandenberghe and Faybusovich},
  Journal = {IEEE Transactions on Automatic Control},
  Number = {11},
  Pages = {1859-1859},
  Title = {Convex Optimization},
  Volume = {51},
  Year = {2006}
}

@article{21,
  title={The concave-convex procedure},
  author={Yuille, Alan L and Rangarajan, Anand},
  journal={Neural computation},
  volume={15},
  number={4},
  pages={915--936},
  year={2003},
  publisher={MIT Press}
}

@article{22,
  Author = {B. Zhao, F. Wang, and C. Zhang.},
  Date-Added = {2016-03-03 07:24:39 +0000},
  Date-Modified = {2016-03-03 07:25:27 +0000},
  Journal = {In SDM},
  Title = {Efficient maximum margin clustering via cutting plane algorithm.},
  Year = {2008}
}