@book{machinelearning,
  title={机器学习},
  author={周志华},
  year={2016},
  publisher={清华大学出版社}
}

@book{kaufman1987clustering,
  title={Clustering by means of medoids},
  author={Kaufman, Leonard and Rousseeuw, Peter},
  booktitle={Statistical Data Analysis Based on the L1 Norm and Related Methods},
  year={1987},
  publisher={North-Holland},
  pages={405-416},
}

@article{huang1998extensions,
  title={Extensions to the k-means algorithm for clustering large data sets with categorical values},
  author={Huang, Zhexue},
  journal={Data mining and knowledge discovery},
  volume={2},
  number={3},
  pages={283--304},
  year={1998},
  publisher={Springer}
}

@book{bezdek2013pattern,
  title={Pattern recognition with fuzzy objective function algorithms},
  author={Bezdek, James C},
  year={2013},
  publisher={Springer Science \& Business Media}
}

@article{banerjee2005clustering,
  title={Clustering with Bregman divergences},
  author={Banerjee, Arindam and Merugu, Srujana and Dhillon, Inderjit S and Ghosh, Joydeep},
  journal={The Journal of Machine Learning Research},
  volume={6},
  pages={1705--1749},
  year={2005},
  publisher={JMLR. org}
}

@article{scholkopf1998nonlinear,
  title={Nonlinear component analysis as a kernel eigenvalue problem},
  author={Sch{\"o}lkopf, Bernhard and Smola, Alexander and M{\"u}ller, Klaus-Robert},
  journal={Neural computation},
  volume={10},
  number={5},
  pages={1299--1319},
  year={1998},
  publisher={MIT Press}
}

@article{von2007tutorial,
  title={A tutorial on spectral clustering},
  author={Von Luxburg, Ulrike},
  journal={Statistics and computing},
  volume={17},
  number={4},
  pages={395--416},
  year={2007},
  publisher={Springer}
}

@inproceedings{pelleg2000x,
  title={X-means: Extending K-means with Efficient Estimation of the Number of Clusters.},
  author={Pelleg, Dan and Moore, Andrew W and others},
  booktitle={ICML},
  volume={1},
  year={2000}
}

@inproceedings{ester1996density,
  title={A density-based algorithm for discovering clusters in large spatial databases with noise.},
  author={Ester, Martin and Kriegel, Hans-Peter and Sander, J{\"o}rg and Xu, Xiaowei},
  booktitle={Kdd},
  volume={96},
  number={34},
  pages={226--231},
  year={1996}
}

@inproceedings{ankerst1999optics,
  title={OPTICS: ordering points to identify the clustering structure},
  author={Ankerst, Mihael and Breunig, Markus M and Kriegel, Hans-Peter and Sander, J{\"o}rg},
  booktitle={ACM Sigmod Record},
  volume={28},
  number={2},
  pages={49--60},
  year={1999},
  organization={ACM}
}

@inproceedings{hinneburg1998efficient,
  title={An efficient approach to clustering in large multimedia databases with noise},
  author={Hinneburg, Alexander and Keim, Daniel A},
  booktitle={KDD},
  volume={98},
  pages={58--65},
  year={1998}
}

@book{kaufman2009finding,
  title={Finding groups in data: an introduction to cluster analysis},
  author={Kaufman, Leonard and Rousseeuw, Peter J},
  volume={344},
  year={2009},
  publisher={John Wiley \& Sons}
}

@inproceedings{zhang1996birch,
  title={BIRCH: an efficient data clustering method for very large databases},
  author={Zhang, Tian and Ramakrishnan, Raghu and Livny, Miron},
  booktitle={ACM Sigmod Record},
  volume={25},
  number={2},
  pages={103--114},
  year={1996},
  organization={ACM}
}

@inproceedings{guha1999rock,
  title={ROCK: A robust clustering algorithm for categorical attributes},
  author={Guha, Saikat and Rastogi, Rajeev and Shim, Kyuseok},
  booktitle={Data Engineering, 1999. Proceedings., 15th International Conference on},
  pages={512--521},
  year={1999},
  organization={IEEE}
}

@inproceedings{joachims2000text,
  title={Text categorization with support vector machines: Learning with many relevant features},
  author={Joachims, Thorsten},
  booktitle={Proceedings of the 10th European Conference on Machine Leaning(ECML)},
  year={1998},
  publisher={Chemnitz,Germany},
  pages={137--142},
}

@inproceedings{mmc,
  title={Maximum margin clustering},
  author={Xu, Linli and Neufeld, James and Larson, Bryce and Schuurmans, Dale},
  booktitle={Advances in neural information processing systems},
  pages={1537--1544},
  year={2004}
}

@inproceedings{mkc,
  title={Multiple Kernel Clustering.},
  author={Zhao, Bin and Kwok, James T and Zhang, Changshui},
  booktitle={SDM},
  pages={638--649},
  year={2009},
  organization={SIAM}
}

@misc{vladimir1995nature,
  title={The nature of statistical learning theory},
  author={Vladimir, Vapnik N and Vapnik, V},
  year={1995},
  publisher={Springer Heidelberg}
}

@book{cristianini2000introduction,
  title={An introduction to support vector machines and other kernel-based learning methods},
  author={Cristianini, Nello and Shawe-Taylor, John},
  year={2000},
  publisher={Cambridge university press}
}

@article{lanckriet2004learning,
  title={Learning the kernel matrix with semidefinite programming},
  author={Lanckriet, Gert RG and Cristianini, Nello and Bartlett, Peter and Ghaoui, Laurent El and Jordan, Michael I},
  journal={The Journal of Machine Learning Research},
  volume={5},
  pages={27--72},
  year={2004},
  publisher={JMLR. org}
}

@book{李航2012统计学习方法,
  title={统计学习方法},
  author={李航},
  year={2012},
  publisher={清华大学出版社}
}

@article{mmkl,
  Author = {Zien, Alexander and Ong, Cheng Soon},
  Journal = {Icml Acm},
  Number = {2006},
  Pages = {2007},
  Title = {Multiclass multiple kernel learning.},
  Volume = {7},
  Year = {2007}
}

@inproceedings{zhao2008efficient,
  title={Efficient Maximum Margin Clustering via Cutting Plane Algorithm.},
  author={Zhao, Bin and Wang, Fei and Zhang, Changshui},
  booktitle={SDM},
  pages={751--762},
  year={2008},
  organization={SIAM}
}

@inproceedings{zhao2008efficient,
  title={Efficient multiclass maximum margin clustering},
  author={Zhao, Bin and Wang, Fei and Zhang, Changshui},
  booktitle={Proceedings of the 25th international conference on Machine learning},
  pages={1248--1255},
  year={2008},
  organization={ACM}
}

@article{kelley1960cutting,
  title={The cutting-plane method for solving convex programs},
  author={Kelley, Jr, James E},
  journal={Journal of the Society for Industrial and Applied Mathematics},
  volume={8},
  number={4},
  pages={703--712},
  year={1960},
  publisher={SIAM}
}

@book{nesterov1994interior,
  title={Interior-point polynomial algorithms in convex programming},
  author={Nesterov, Yurii and Nemirovskii, Arkadii and Ye, Yinyu},
  volume={13},
  year={1994},
  publisher={SIAM}
}

@article{tsang2006efficient,
  title={Efficient hyperkernel learning using second-order cone programming},
  author={Tsang, Ivor Wai-Hung and Kwok, James Tin-Yau},
  journal={Neural Networks, IEEE Transactions on},
  volume={17},
  number={1},
  pages={48--58},
  year={2006},
  publisher={IEEE}
}
@article{socp,
  Author = {Boyd and Vandenberghe and Faybusovich},
  Journal = {IEEE Transactions on Automatic Control},
  Number = {11},
  Pages = {1859-1859},
  Title = {Convex Optimization},
  Volume = {51},
  Year = {2006}
}

@article{cccp,
  title={The concave-convex procedure},
  author={Yuille, Alan L and Rangarajan, Anand},
  journal={Neural computation},
  volume={15},
  number={4},
  pages={915--936},
  year={2003},
  publisher={MIT Press}
}

@article{zhang2009maximum,
  title={Maximum margin clustering made practical},
  author={Zhang, Kai and Tsang, Ivor W and Kwok, James T},
  journal={Neural Networks, IEEE Transactions on},
  volume={20},
  number={4},
  pages={583--596},
  year={2009},
  publisher={IEEE}
}

@article{tax1999support,
  title={Support vector domain description},
  author={Tax, David MJ and Duin, Robert PW},
  journal={Pattern recognition letters},
  volume={20},
  number={11},
  pages={1191--1199},
  year={1999},
  publisher={Elsevier}
}

@article{ben2002support,
  title={Support vector clustering},
  author={Ben-Hur, Asa and Horn, David and Siegelmann, Hava T and Vapnik, Vladimir},
  journal={The Journal of Machine Learning Research},
  volume={2},
  pages={125--137},
  year={2002},
  publisher={JMLR. org}
}

@article{吕常魁2005一种支持向量聚类的快速算法,
  title={一种支持向量聚类的快速算法},
  author={吕常魁 and 姜澄宇 and 王宁生},
  journal={华南理工大学学报},
  volume={33},
  number={1},
  pages={6--9},
  year={2005}
}

@book{anzai2012pattern,
  title={Pattern Recognition \& Machine Learning},
  author={Anzai, Yuichiro},
  year={2012},
  publisher={Elsevier}
}